<?xml version="1.0" encoding="UTF-8"?>
<collection xmlns:xsi="http://www.w3.org/2001/XMLSchema-instance" xsi:schemaLocation="http://www.loc.gov/MARC21/slim http://www.loc.gov/standards/marcxml/schema/MARC21slim.xsd" xmlns="http://www.loc.gov/MARC21/slim">
<record>
  <leader>01469cam a2200253 a 4500</leader>
  <controlfield tag="001">3131428</controlfield>
  <controlfield tag="003">NNC</controlfield>
  <controlfield tag="005">20130426140009.0</controlfield>
  <controlfield tag="008">000313s1890    ua            000 0 arard</controlfield>
  <datafield tag="035" ind1=" " ind2=" ">
    <subfield code="a">(OCoLC)ocm43622051</subfield>
  </datafield>
  <datafield tag="035" ind1=" " ind2=" ">
    <subfield code="9">ATW5565CU</subfield>
  </datafield>
  <datafield tag="035" ind1=" " ind2=" ">
    <subfield code="a">(NNC)3131428</subfield>
  </datafield>
  <datafield tag="040" ind1=" " ind2=" ">
    <subfield code="a">IUL</subfield>
    <subfield code="c">IUL</subfield>
    <subfield code="d">ZCU</subfield>
  </datafield>
  <datafield tag="050" ind1=" " ind2="4">
    <subfield code="a">BP130.4</subfield>
    <subfield code="b">.Z3 1890</subfield>
  </datafield>
  <datafield tag="099" ind1=" " ind2=" ">
    <subfield code="a">893.7Z2</subfield>
    <subfield code="a">O</subfield>
  </datafield>
  <datafield tag="100" ind1="1" ind2=" ">
    <subfield code="a">Zamakhsharī, Maḥmūd ibn ʻUmar,</subfield>
    <subfield code="d">1075-1144.</subfield>
  </datafield>
  <datafield tag="245" ind1="1" ind2="3">
    <subfield code="a">al-Kashshāf ʻan ḥaqāʾiq al-tanzīl wa-ʻuyūn al-aqāwil fī wujūh al-taʾwīl /</subfield>
    <subfield code="c">li-Abī al-Qāsim Jār Allāh Maḥmūd ibn ʻUmar al-Zamakhsharī al-Khawārizmī ; wa-maʻahu Ḥāshiyat ʻAlī ibn Muḥammad ibn ʻAlī al-Sayyid Zayn al-Dīn Abī al-Ḥasan al-Ḥusaynī al-Jurjānī ; wa-bi-al-hāmish al-Intiṣāf li-Nāṣir al-Dīn Aḥmad ibn Muḥammad ibn al-Munīr al-Iskandarī al-Mālikī ; wa-bi-al-hāmish al-Qurʾān wa-qad dhayl bi-kitāb Tanzīl al-āyāt ʻalá al-shawāhid min al-abyāt li-Muḥibb al-Dīn.</subfield>
  </datafield>
  <datafield tag="260" ind1=" " ind2=" ">
    <subfield code="a">[Egypt] :</subfield>
    <subfield code="b">al-Maṭbaʻah al-ʻĀmirah,</subfield>
    <subfield code="c">1308 [1890]</subfield>
  </datafield>
  <datafield tag="300" ind1=" " ind2=" ">
    <subfield code="a">2 v.</subfield>
  </datafield>
  <datafield tag="630" ind1="0" ind2="0">
    <subfield code="a">Qurʼan</subfield>
    <subfield code="v">Commentaries.</subfield>
  </datafield>
  <datafield tag="700" ind1="1" ind2=" ">
    <subfield code="a">Jurjānī, ʻAlī ibn Muḥammad,</subfield>
    <subfield code="c">al-Sayyid al-Sharīf,</subfield>
    <subfield code="d">1340-1413.</subfield>
  </datafield>
  <datafield tag="700" ind1="1" ind2="2">
    <subfield code="a">Ibn al-Munayyir, Aḥmad ibn Muḥammad,</subfield>
    <subfield code="d">1223-1284.</subfield>
    <subfield code="t">Intiṣāf.</subfield>
  </datafield>
  <datafield tag="700" ind1="1" ind2="2">
    <subfield code="a">Muḥibb al-Dīn, Muḥammad ibn Abī Bakr,</subfield>
    <subfield code="d">1542 or 1543-1607 or 1608.</subfield>
    <subfield code="t">Tanzīl al-āyāt ʻalā al-shawāhid min al-abyāt.</subfield>
  </datafield>
  <datafield tag="955" ind1=" " ind2=" ">
    <subfield code="b">0047925264</subfield>
    <subfield code="d">glx</subfield>
    <subfield code="e">893.7Z2 O</subfield>
    <subfield code="v">v.2</subfield>
  </datafield>
</record>
</collection>